@ARTICLE{Kuijken2008,
       author = {{Kuijken}, K.},
        title = "{GaaP: PSF- and aperture-matched photometry using shapelets}",
      journal = {\aap},
     keywords = {techniques: image processing, methods: data analysis, techniques: photometric, galaxies: fundamental parameters, Astrophysics},
         year = 2008,
        month = may,
       volume = {482},
       number = {3},
        pages = {1053-1067},
          doi = {10.1051/0004-6361:20066601},
archivePrefix = {arXiv},
       eprint = {astro-ph/0610606},
 primaryClass = {astro-ph},
       adsurl = {https://ui.adsabs.harvard.edu/abs/2008A&A...482.1053K},
      adsnote = {Provided by the SAO/NASA Astrophysics Data System}
}

@ARTICLE{Kuijken2015,
       author = {{Kuijken}, Konrad and {Heymans}, Catherine and {Hildebrandt}, Hendrik and {Nakajima}, Reiko and {Erben}, Thomas and {de Jong}, Jelte T.~A. and {Viola}, Massimo and {Choi}, Ami and {Hoekstra}, Henk and {Miller}, Lance and {van Uitert}, Edo and {Amon}, Alexandra and {Blake}, Chris and {Brouwer}, Margot and {Buddendiek}, Axel and {Conti}, Ian Fenech and {Eriksen}, Martin and {Grado}, Aniello and {Harnois-D{\'e}raps}, Joachim and {Helmich}, Ewout and {Herbonnet}, Ricardo and {Irisarri}, Nancy and {Kitching}, Thomas and {Klaes}, Dominik and {La Barbera}, Francesco and {Napolitano}, Nicola and {Radovich}, Mario and {Schneider}, Peter and {Sif{\'o}n}, Crist{\'o}bal and {Sikkema}, Gert and {Simon}, Patrick and {Tudorica}, Alexandru and {Valentijn}, Edwin and {Verdoes Kleijn}, Gijs and {van Waerbeke}, Ludovic},
        title = "{Gravitational lensing analysis of the Kilo-Degree Survey}",
      journal = {\mnras},
     keywords = {gravitational lensing: weak, surveys, galaxies: photometry, cosmology: observations, Astrophysics - Cosmology and Nongalactic Astrophysics, Astrophysics - Astrophysics of Galaxies},
         year = 2015,
        month = dec,
       volume = {454},
       number = {4},
        pages = {3500-3532},
          doi = {10.1093/mnras/stv2140},
archivePrefix = {arXiv},
       eprint = {1507.00738},
 primaryClass = {astro-ph.CO},
       adsurl = {https://ui.adsabs.harvard.edu/abs/2015MNRAS.454.3500K},
      adsnote = {Provided by the SAO/NASA Astrophysics Data System}
}

@ARTICLE{Bickerton2013,
       author = {{Bickerton}, S.~J. and {Lupton}, R.~H.},
        title = "{An algorithm for precise aperture photometry of critically sampled images}",
      journal = {\mnras},
     keywords = {methods: analytical, methods: data analysis, methods: numerical, techniques: image processing, techniques: photometric, Astrophysics - Instrumentation and Methods for Astrophysics},
         year = 2013,
        month = may,
       volume = {431},
       number = {2},
        pages = {1275-1285},
          doi = {10.1093/mnras/stt244},
archivePrefix = {arXiv},
       eprint = {1302.4764},
 primaryClass = {astro-ph.IM},
       adsurl = {https://ui.adsabs.harvard.edu/abs/2013MNRAS.431.1275B},
      adsnote = {Provided by the SAO/NASA Astrophysics Data System}
}
